<record><leader>00000cas a2200000 a 4500</leader><controlfield tag="001">9287490</controlfield><controlfield tag="008">830307d19811985cauwr ne      0   a0eng c</controlfield><datafield ind1=" " ind2=" " tag="010"><subfield code="a">sn 83002055 </subfield></datafield><datafield ind1=" " ind2=" " tag="040"><subfield code="a">NSD</subfield><subfield code="b">eng</subfield><subfield code="c">NSD</subfield><subfield code="d">CNK</subfield><subfield code="d">OCLCQ</subfield><subfield code="d">OCLCF</subfield><subfield code="d">OCLCO</subfield></datafield><datafield ind1=" " ind2=" " tag="012"><subfield code="j">0</subfield><subfield code="m">d</subfield></datafield><datafield ind1="1" ind2=" " tag="022"><subfield code="a">0745-5496</subfield><subfield code="l">0745-5496</subfield><subfield code="2">1</subfield></datafield><datafield ind1="1" ind2=" " tag="029"><subfield code="a">AU@</subfield><subfield code="b">000020395209</subfield></datafield><datafield ind1=" " ind2=" " tag="037"><subfield code="b">Desert Community Newspapers, Inc., 68-703 Perez Road, Units 7&amp;8, Cathedral City, CA 92234</subfield></datafield><datafield ind1=" " ind2=" " tag="042"><subfield code="a">nsdp</subfield><subfield code="a">pcc</subfield></datafield><datafield ind1=" " ind2="0" tag="222"><subfield code="a">Cathedral citizen</subfield></datafield><datafield ind1="0" ind2="0" tag="245"><subfield code="a">Cathedral citizen.</subfield></datafield><datafield ind1=" " ind2=" " tag="260"><subfield code="a">Cathedral City, Calif. :</subfield><subfield code="b">The Press-Enterprise Co.,</subfield></datafield><datafield ind1=" " ind2=" " tag="300"><subfield code="a">v.</subfield></datafield><datafield ind1=" " ind2=" " tag="310"><subfield code="a">Weekly,</subfield><subfield code="b">Mar. 28, 1984-July 24, 1985</subfield></datafield><datafield ind1=" " ind2=" " tag="321"><subfield code="a">Weekly,</subfield><subfield code="b">Mar. 26/Apr. 1, 1981-Jan. 13/19, 1983</subfield></datafield><datafield ind1=" " ind2=" " tag="321"><subfield code="a">Semiweekly,</subfield><subfield code="b">Jan. 19, 1983-Mar. 23, 1984</subfield></datafield><datafield ind1="0" ind2=" " tag="362"><subfield code="a">Vol. 1, no. 1 (Mar. 26/Apr. 1, 1981)-v. 6, no. 17 (July 24, 1985).</subfield></datafield><datafield ind1=" " ind2=" " tag="500"><subfield code="a">"Mid Week" or "Week End" appear in small print to the right of "Cathedral Citizen," Jan. 19, 1983-Mar. 23, 1984.</subfield></datafield><datafield ind1=" " ind2=" " tag="530"><subfield code="a">Master negatives are available for duplication from:</subfield><subfield code="b">California Newspaper Microfilm Archive;</subfield><subfield code="c">positive copies may be purchased by the reel; for further information consult the CNMA at:</subfield><subfield code="u">http://cbsr.ucr.edu</subfield></datafield><datafield ind1=" " ind2="0" tag="651"><subfield code="a">Cathedral City (Calif.)</subfield><subfield code="v">Newspapers.</subfield></datafield><datafield ind1=" " ind2="0" tag="651"><subfield code="a">Palm Desert (Calif.)</subfield><subfield code="v">Newspapers.</subfield></datafield><datafield ind1=" " ind2="0" tag="651"><subfield code="a">Rancho Mirage (Calif.)</subfield><subfield code="v">Newspapers.</subfield></datafield><datafield ind1=" " ind2="0" tag="651"><subfield code="a">Indio (Calif.)</subfield><subfield code="v">Newspapers.</subfield></datafield><datafield ind1=" " ind2="7" tag="655"><subfield code="a">Newspapers.</subfield><subfield code="2">fast</subfield><subfield code="0">(OCoLC)fst01423814</subfield></datafield><datafield ind1=" " ind2="7" tag="651"><subfield code="a">California</subfield><subfield code="z">Cathedral City.</subfield><subfield code="2">fast</subfield><subfield code="0">(OCoLC)fst01214363</subfield></datafield><datafield ind1=" " ind2="7" tag="651"><subfield code="a">California</subfield><subfield code="z">Indio.</subfield><subfield code="2">fast</subfield><subfield code="0">(OCoLC)fst01214335</subfield></datafield><datafield ind1=" " ind2="7" tag="651"><subfield code="a">California</subfield><subfield code="z">Palm Desert.</subfield><subfield code="2">fast</subfield><subfield code="0">(OCoLC)fst01219032</subfield></datafield><datafield ind1=" " ind2="7" tag="651"><subfield code="a">California</subfield><subfield code="z">Rancho Mirage.</subfield><subfield code="2">fast</subfield><subfield code="0">(OCoLC)fst01228795</subfield></datafield><datafield ind1=" " ind2=" " tag="752"><subfield code="a">United States</subfield><subfield code="b">California</subfield><subfield code="c">Riverside</subfield><subfield code="d">Cathedral City.</subfield></datafield><datafield ind1="0" ind2="0" tag="785"><subfield code="t">Cathedral City post</subfield><subfield code="x">0884-6189</subfield><subfield code="w">(OCoLC)12401682</subfield><subfield code="w">(DLC)sn 85006838</subfield></datafield><datafield ind1=" " ind2=" " tag="936"><subfield code="a">Jan. 19, 1983</subfield></datafield></record>